

@incollection{pumain2020conclusion,
  title={Conclusion: Perspectives on urban theories},
  author={Pumain, Denise and Raimbault, Juste},
  booktitle={Theories and Models of Urbanization},
  pages={303--330},
  year={2020},
  publisher={Springer}
}

@article{murcio2013second,
  title={Second-order metropolitan urban phase transitions},
  author={Murcio, Roberto and Sosa-Herrera, Antonio and Rodriguez-Romo, Suemi},
  journal={Chaos, Solitons \& Fractals},
  volume={48},
  pages={22--31},
  year={2013},
  publisher={Elsevier}
}

@article{murcio2015urban,
  title={Urban transfer entropy across scales},
  author={Murcio, Roberto and Morphet, Robin and Gershenson, Carlos and Batty, Michael},
  journal={PLoS One},
  volume={10},
  number={7},
  pages={e0133780},
  year={2015},
  publisher={Public Library of Science San Francisco, CA USA}
}


@article{murcio2009colored,
  title={Colored diffusion-limited aggregation for urban migration},
  author={Murcio, Roberto and Rodr{\'\i}guez-Romo, Suemi},
  journal={Physica A: Statistical Mechanics and its Applications},
  volume={388},
  number={13},
  pages={2689--2698},
  year={2009},
  publisher={Elsevier}
}


@article{batty1989urban,
  title={Urban growth and form: scaling, fractal geometry, and diffusion-limited aggregation},
  author={Batty, Mike and Longley, Paul and Fotheringham, Stewart},
  journal={Environment and planning A},
  volume={21},
  number={11},
  pages={1447--1472},
  year={1989},
  publisher={SAGE Publications Sage UK: London, England}
}

@book{batty2007cities,
  title={Cities and complexity: understanding cities with cellular automata, agent-based models, and fractals},
  author={Batty, Michael},
  year={2007},
  publisher={The MIT press}
}

@article{batty1997cellular,
  title={Cellular automata and urban form: a primer},
  author={Batty, Michael},
  journal={Journal of the American Planning Association},
  volume={63},
  number={2},
  pages={266--274},
  year={1997},
  publisher={Taylor \& Francis}
}

@article{viguie2012trade,
  title={Trade-offs and synergies in urban climate policies},
  author={Vigui{\'e}, Vincent and Hallegatte, St{\'e}phane},
  journal={Nature Climate Change},
  volume={2},
  number={5},
  pages={334--337},
  year={2012},
  publisher={Nature Publishing Group}
}



@inproceedings{raimbault:halshs-02406539,
  TITLE = {{Worldwide estimation of parameters for a simple reaction-diffusion model of urban growth}},
  AUTHOR = {Raimbault, Juste},
  URL = {https://halshs.archives-ouvertes.fr/halshs-02406539},
  BOOKTITLE = {{International Land-use Symposium 2019}},
  ADDRESS = {Paris, France},
  YEAR = {2019},
  MONTH = Dec,
  KEYWORDS = {Model calibration ; World urban areas ; Reaction-diffusion ; Urban growth},
  HAL_ID = {halshs-02406539},
  HAL_VERSION = {v1},
}

@inproceedings{milton2019accelerating,
  title={Accelerating Urban Modelling Algorithms with Artificial Intelligence},
  author={Milton, Richard and Roumpani, Flora},
  booktitle={Proceedings of the 5th International Conference on Geographical Information Systems Theory, Applications and Management},
  volume={1},
  pages={105--116},
  year={2019},
  organization={INSTICC}
}


@article{wegener2004land,
  title={Land-use transport interaction: state of the art},
  author={Wegener, Michael and F{\"u}rst, Franz},
  journal={Available at SSRN 1434678},
  year={2004}
}


@article{reuillon2013openmole,
  title={OpenMOLE, a workflow engine specifically tailored for the distributed exploration of simulation models},
  author={Reuillon, Romain and Leclaire, Mathieu and Rey-Coyrehourcq, Sebastien},
  journal={Future Generation Computer Systems},
  volume={29},
  number={8},
  pages={1981--1990},
  year={2013},
  publisher={Elsevier}
}

@article{raimbault2020scala,
  title={A scala library for spatial sensitivity analysis},
  author={Raimbault, Juste and Perret, Julien and Reuillon, Romain},
  journal={arXiv preprint arXiv:2007.10667},
  year={2020}
}


@article{le2012urban,
  title={Urban spatial structure, daily mobility and energy consumption: a study of 34 european cities},
  author={Le N{\'e}chet, Florent},
  journal={Cybergeo: European Journal of Geography},
  year={2012},
  publisher={CNRS-UMR G{\'e}ographie-cit{\'e}s 8504}
}

@article{williams2000achieving,
  title={Achieving sustainable urban form: an introduction},
  author={Williams, Katie and Burton, Elizabeth and Jenks, Mike},
  journal={Achieving sustainable urban form},
  volume={2000},
  pages={1--5},
  year={2000}
}


@book{batty2018inventing,
  title={Inventing future cities},
  author={Batty, Michael},
  year={2018},
  publisher={MIT press}
}


@article{makse1996method,
  title={Method for generating long-range correlations for large systems},
  author={Makse, Hern{\'a}n A and Havlin, Shlomo and Schwartz, Moshe and Stanley, H Eugene},
  journal={Physical Review E},
  volume={53},
  number={5},
  pages={5445},
  year={1996},
  publisher={APS}
}

@article{makse1998modeling,
  title={Modeling urban growth patterns with correlated percolation},
  author={Makse, Hern{\'a}n A and Andrade, Jos{\'e} S and Batty, Michael and Havlin, Shlomo and Stanley, H Eugene and others},
  journal={Physical Review E},
  volume={58},
  number={6},
  pages={7054},
  year={1998},
  publisher={APS}
}


@article{anas1998urban,
  title={Urban spatial structure},
  author={Anas, Alex and Arnott, Richard and Small, Kenneth A},
  journal={Journal of economic literature},
  volume={36},
  number={3},
  pages={1426--1464},
  year={1998},
  publisher={JSTOR}
}



@article{li2019singularity,
  title={Singularity cities},
  author={Li, Yunfei and Rybski, Diego and Kropp, J{\"u}rgen P},
  journal={Environment and Planning B: Urban Analytics and City Science},
  pages={2399808319843534},
  year={2019},
  publisher={SAGE Publications Sage UK: London, England}
}


@article{10.1371/journal.pone.0203516,
    author = {Raimbault, Juste},
    journal = {PLOS ONE},
    publisher = {Public Library of Science},
    title = {Calibration of a density-based model of urban morphogenesis},
    year = {2018},
    month = {09},
    volume = {13},
    url = {https://doi.org/10.1371/journal.pone.0203516},
    pages = {1-18},
    abstract = {We study a stochastic model of urban growth generating spatial distributions of population densities at an intermediate mesoscopic scale. The model is based on the antagonist interplay between the two opposite abstract processes of aggregation (preferential attachment) and diffusion (urban sprawl). Introducing indicators to quantify urban form, the model is first statistically validated and intensively explored to understand its complex behavior across the parameter space. We then compute real morphological indicators on local areas of size 50km covering all European Union, and show that the model can reproduce most of these existing urban morphologies. It implies that the morphological dimension of urban growth processes at this scale are sufficiently captured by the two abstract processes of aggregation and diffusion.},
    number = {9},
    doi = {10.1371/journal.pone.0203516}
}


