



@article{raimbault2018calibration,
  title={Calibration of a density-based model of urban morphogenesis},
  author={Raimbault, Juste},
  journal={PloS one},
  volume={13},
  number={9},
  pages={e0203516},
  year={2018},
  publisher={Public Library of Science San Francisco, CA USA}
}

@article{raimbault2020indirect,
  title={Indirect evidence of network effects in a system of cities},
  author={Raimbault, Juste},
  journal={Environment and Planning B: Urban Analytics and City Science},
  volume={47},
  number={1},
  pages={138--155},
  year={2020},
  publisher={SAGE Publications Sage UK: London, England}
}


@article{raimbault2020hierarchy,
  title={Hierarchy and co-evolution processes in urban systems},
  author={Raimbault, Juste},
  journal={arXiv preprint arXiv:2001.11989},
  year={2020}
}

@inproceedings{raimbault:halshs-02351722,
  TITLE = {{A multi-scalar model for system of cities}},
  AUTHOR = {Raimbault, Juste},
  URL = {https://halshs.archives-ouvertes.fr/halshs-02351722},
  BOOKTITLE = {{Conference on Complex Systems 2019}},
  ADDRESS = {Singapore, Singapore},
  YEAR = {2019},
  MONTH = Sep,
  KEYWORDS = {COM ; PARIS team},
  HAL_ID = {halshs-02351722},
  HAL_VERSION = {v1},
}


@article{raimbault2019multi,
  title={Multi-dimensional Urban Network Percolation},
  author={Raimbault, Juste},
  journal={Journal of Interdisciplinary Methodologies and Issues in Science},
  year={2019},
  volume={5},
  issue={5}
}

@article{rozenblat2018conclusion,
  title={Conclusion: Toward a methodology for multi-scalar urban system policies},
  author={Rozenblat, Celine and Pumain, Denise},
  journal={International and Transnational Perspectives on Urban Systems},
  pages={385},
  year={2018},
  publisher={Springer}
}


@incollection{pumain2008socio,
  title={The socio-spatial dynamics of systems of cities and innovation processes: a multi-level model},
  author={Pumain, Denise},
  booktitle={The Dynamics of Complex Urban Systems},
  pages={373--389},
  year={2008},
  publisher={Springer}
}


@article{raimbault2020scala,
  title={A scala library for spatial sensitivity analysis},
  author={Raimbault, Juste and Perret, Julien and Reuillon, Romain},
  journal={Proceedings of GISRUK 2020, 32},
  year={2020}
}

@article{reuillon2013openmole,
  title={OpenMOLE, a workflow engine specifically tailored for the distributed exploration of simulation models},
  author={Reuillon, Romain and Leclaire, Mathieu and Rey-Coyrehourcq, Sebastien},
  journal={Future Generation Computer Systems},
  volume={29},
  number={8},
  pages={1981--1990},
  year={2013},
  publisher={Elsevier}
}

@incollection{pumain2018evolutionary,
  title={An evolutionary theory of urban systems},
  author={Pumain, Denise},
  booktitle={International and transnational perspectives on urban systems},
  pages={3--18},
  year={2018},
  publisher={Springer}
}

@article{pumain1997pour,
  title={Pour une th{\'e}orie {\'e}volutive des villes},
  author={Pumain, Denise},
  journal={L'Espace g{\'e}ographique},
  pages={119--134},
  year={1997},
  publisher={JSTOR}
}


@article{pumain2006evolutionary,
  title={An evolutionary theory for interpreting urban scaling laws},
  author={Pumain, Denise and Paulus, Fabien and Vacchiani-Marcuzzo, C{\'e}line and Lobo, Jos{\'e}},
  journal={Cybergeo: European Journal of Geography},
  year={2006},
  publisher={CNRS-UMR G{\'e}ographie-cit{\'e}s 8504}
}


@article{10.1371/journal.pone.0138212,
    author = {Chérel, Guillaume AND Cottineau, Clémentine AND Reuillon, Romain},
    journal = {PLOS ONE},
    publisher = {Public Library of Science},
    title = {Beyond Corroboration: Strengthening Model Validation by Looking for Unexpected Patterns},
    year = {2015},
    month = {09},
    volume = {10},
    url = {https://doi.org/10.1371/journal.pone.0138212},
    pages = {1-28},
    abstract = {Models of emergent phenomena are designed to provide an explanation to global-scale phenomena from local-scale processes. Model validation is commonly done by verifying that the model is able to reproduce the patterns to be explained. We argue that robust validation must not only be based on corroboration, but also on attempting to falsify the model, i.e. making sure that the model behaves soundly for any reasonable input and parameter values. We propose an open-ended evolutionary method based on Novelty Search to look for the diverse patterns a model can produce. The Pattern Space Exploration method was tested on a model of collective motion and compared to three common a priori sampling experiment designs. The method successfully discovered all known qualitatively different kinds of collective motion, and performed much better than the a priori sampling methods. The method was then applied to a case study of city system dynamics to explore the model’s predicted values of city hierarchisation and population growth. This case study showed that the method can provide insights on potential predictive scenarios as well as falsifiers of the model when the simulated dynamics are highly unrealistic.},
    number = {9},
    doi = {10.1371/journal.pone.0138212}
}


@article{raimbault2018indirect,
  title={Indirect evidence of network effects in a system of cities},
  author={Raimbault, Juste},
  journal={Environment and Planning B: Urban Analytics and City Science},
  pages={2399808318774335},
  year={2018},
  publisher={SAGE Publications Sage UK: London, England}
}

@phdthesis{cottineau2014evolution,
  title={L'{\'e}volution des villes dans l'espace post-sovi{\'e}tique. Observation et mod{\'e}lisations.},
  author={Cottineau, Clementine},
  year={2014}
}


@article{cottineau2017diverse,
  title={Diverse cities or the systematic paradox of urban scaling laws},
  author={Cottineau, Cl{\'e}mentine and Hatna, Erez and Arcaute, Elsa and Batty, Michael},
  journal={Computers, environment and urban systems},
  volume={63},
  pages={80--94},
  year={2017},
  publisher={Elsevier}
}

@article{favaro2011gibrat,
  title={Gibrat Revisited: An Urban Growth Model Incorporating Spatial Interaction and Innovation Cycles.},
  author={Favaro, Jean-Marc and Pumain, Denise},
  journal={Geographical Analysis},
  volume={43},
  number={3},
  pages={261--286},
  year={2011},
  publisher={Wiley Online Library}
}


@article{decker2007global,
  title={Global patterns of city size distributions and their fundamental drivers},
  author={Decker, Ethan H and Kerkhoff, Andrew J and Moses, Melanie E},
  journal={PLoS One},
  volume={2},
  number={9},
  pages={e934},
  year={2007},
  publisher={Public Library of Science}
}


@article{eeckhout2004gibrat,
  title={Gibrat's law for (all) cities},
  author={Eeckhout, Jan},
  journal={American Economic Review},
  volume={94},
  number={5},
  pages={1429--1451},
  year={2004}
}


@book{pumain1982dynamique,
  title={La dynamique des villes},
  author={Pumain, Denise},
  year={1982},
  publisher={Economica}
}

@article{robson1973urban,
  title={Urban Growth: an approach, Methuen \& Co},
  author={Robson, BT},
  journal={Ltd., London},
  year={1973}
}


@article{gibrat1931inegalits,
  title={Les in{\'e}galit{\'e}s {\'e}conomiques},
  author={Gibrat, Robert},
  journal={Sirey},
  year={1931}
}


@article{pumain2015multilevel,
  title={Multilevel comparison of large urban systems},
  author={Pumain, Denise and Swerts, Elfie and Cottineau, Cl{\'e}mentine and Vacchiani-Marcuzzo, C{\'e}line and Ignazzi, Cosmo Antonio and Bretagnolle, Anne and Delisle, Fran{\c{c}}ois and Cura, Robin and Lizzi, Liliane and Baffi, Sol{\`e}ne},
  journal={Cybergeo: European Journal of Geography},
  year={2015},
  publisher={CNRS-UMR G{\'e}ographie-cit{\'e}s 8504}
}


@inproceedings{smith2019biochemical,
  title={Biochemical networks display universal structure across projections and levels of organization},
  author={Smith, Harrison B and Kim, Hyunju and Walker, Sara I},
  booktitle={The 2018 Conference on Artificial Life: A Hybrid of the European Conference on Artificial Life (ECAL) and the International Conference on the Synthesis and Simulation of Living Systems (ALIFE)},
  pages={282--283},
  year={2019},
  organization={MIT Press}
}


@article{broido2019scale,
  title={Scale-free networks are rare},
  author={Broido, Anna D and Clauset, Aaron},
  journal={Nature communications},
  volume={10},
  number={1},
  pages={1017},
  year={2019},
  publisher={Nature Publishing Group}
}

@article{leitao2016scaling,
  title={Is this scaling nonlinear?},
  author={Leit{\~a}o, Jorge C and Miotto, Jos{\'e} Mar{\'\i}a and Gerlach, Martin and Altmann, Eduardo G},
  journal={Royal Society open science},
  volume={3},
  number={7},
  pages={150649},
  year={2016},
  publisher={The Royal Society}
}

@article{clauset2009power,
  title={Power-law distributions in empirical data},
  author={Clauset, Aaron and Shalizi, Cosma Rohilla and Newman, Mark EJ},
  journal={SIAM review},
  volume={51},
  number={4},
  pages={661--703},
  year={2009},
  publisher={SIAM}
}


@article{finance2018absent,
  title={Are the absent always wrong? Dealing with zero values in urban scaling},
  author={Finance, Olivier and Cottineau, Cl{\'e}mentine},
  journal={Environment and Planning B: Urban Analytics and City Science},
  pages={2399808318785634},
  year={2018},
  publisher={SAGE Publications Sage UK: London, England}
}
