% Encoding: UTF-8

@Article{favaro2011gibrat,
  author    = {Favaro, Jean-Marc and Pumain, Denise},
  title     = {Gibrat Revisited: An Urban Growth Model Incorporating Spatial Interaction and Innovation Cycles. 再评吉尔布瑞特： 顾及空间相互作用和创新周期的城市增长模型},
  journal   = {Geographical Analysis},
  year      = {2011},
  volume    = {43},
  number    = {3},
  pages     = {261--286},
  file      = {:/home/raimbault/ComplexSystems/UrbanGrowth/Biblio/Docs/j.1538-4632.2011.00819.x.pdf:PDF},
  publisher = {Wiley Online Library},
}

@Comment{jabref-meta: databaseType:bibtex;}
