


@inproceedings{raimbault2017applied,
  title={An Applied Knowledge Framework to Study Complex Systems},
  author={Raimbault, Juste},
  booktitle={Complex Systems Design \& Management},
  pages={31--45},
  year={2017}
}

@book{pumain2017urban,
  title={Urban dynamics and simulation models},
  author={Pumain, Denise and Reuillon, Romain},
  year={2017},
  publisher={Springer}
}

@inproceedings{banos2015coupling,
  title={Coupling micro and macro dynamics models on networks: Application to disease spread},
  author={Banos, Arnaud and Corson, Nathalie and Gaudou, Benoit and Laperri{\`e}re, Vincent and Coyrehourcq, S{\'e}bastien Rey},
  booktitle={International Workshop on Multi-Agent Systems and Agent-Based Simulation},
  pages={19--33},
  year={2015},
  organization={Springer}
}


@article{viguie2014downscaling,
  title={Downscaling long term socio-economic scenarios at city scale: a case study on Paris},
  author={Vigui{\'e}, Vincent and Hallegatte, St{\'e}phane and Rozenberg, Julie},
  journal={Technological forecasting and social change},
  volume={87},
  pages={305--324},
  year={2014},
  publisher={Elsevier}
}

@book{hall2006polycentric,
  title={The polycentric metropolis: learning from mega-city regions in Europe},
  author={Hall, Peter Geoffrey and Pain, Kathy},
  year={2006},
  publisher={Routledge}
}


@article{cottineau2015modular,
  title={A modular modelling framework for hypotheses testing in the simulation of urbanisation},
  author={Cottineau, Cl{\'e}mentine and Reuillon, Romain and Chapron, Paul and Rey-Coyrehourcq, S{\'e}bastien and Pumain, Denise},
  journal={Systems},
  volume={3},
  number={4},
  pages={348--377},
  year={2015},
  publisher={Multidisciplinary Digital Publishing Institute}
}

@incollection{pumain2017simpoplocal,
  title={The simpoplocal model},
  author={Pumain, Denise and Reuillon, Romain},
  booktitle={Urban Dynamics and Simulation Models},
  pages={21--35},
  year={2017},
  publisher={Springer}
}


@article{bourgine2009french,
  title={French roadmap for complex systems 2008-2009},
  author={Bourgine, Paul and Chavalarias, David and Perrier, Edith and Amblard, Frederic and Arlabosse, Francois and Auger, Pierre and Baillon, Jean-Bernard and Barreteau, Olivier and Baudot, Pierre and Bouchaud, Elisabeth and others},
  journal={arXiv preprint arXiv:0907.2221},
  year={2009}
}

@article{rozenblat2018conclusion,
  title={Conclusion: Toward a methodology for multi-scalar urban system policies},
  author={Rozenblat, Celine and Pumain, Denise},
  journal={International and Transnational Perspectives on Urban Systems},
  pages={385},
  year={2018},
  publisher={Springer}
}

@inproceedings{roth2006reconstruction,
  title={Reconstruction failures: Questioning level design},
  author={Roth, Camille},
  booktitle={International Workshop on Epistemological Aspects of Computer Simulation in the Social Sciences},
  pages={89--98},
  year={2006},
  organization={Springer}
}


@article{cherel2015beyond,
  title={Beyond corroboration: Strengthening model validation by looking for unexpected patterns},
  author={Ch{\'e}rel, Guillaume and Cottineau, Cl{\'e}mentine and Reuillon, Romain},
  journal={PloS one},
  volume={10},
  number={9},
  pages={e0138212},
  year={2015},
  publisher={Public Library of Science}
}

@phdthesis{banos2013pour,
  title={Pour des pratiques de mod{\'e}lisation et de simulation lib{\'e}r{\'e}es en g{\'e}ographie et SHS},
  author={Banos, Arnaud},
  year={2013},
  school={Universit{\'e} Paris 1 Panth{\'e}on Sorbonne}
}
