
@article{arcaute2015constructing,
  title={Constructing cities, deconstructing scaling laws},
  author={Arcaute, Elsa and Hatna, Erez and Ferguson, Peter and Youn, Hyejin and Johansson, Anders and Batty, Michael},
  journal={Journal of The Royal Society Interface},
  volume={12},
  number={102},
  pages={20140745},
  year={2015},
  publisher={The Royal Society}
}

@incollection{arcaute2020scaling,
  title={Scaling laws: insights and limitations},
  author={Arcaute, Elsa and Hatna, Erez},
  booktitle={Theories and models of urbanization},
  pages={45--66},
  year={2020},
  publisher={Springer}
}

@misc{aveline2018pathways,
  title={Pathways of sustainable development across China: the cases of Hangzhou, Datong and Zhuhai},
  author={Aveline-Dubach, Natacha},
  year={2018}
}


@article{bedau2003artificial,
  title={Artificial life: organization, adaptation and complexity from the bottom up},
  author={Bedau, Mark A},
  journal={Trends in cognitive sciences},
  volume={7},
  number={11},
  pages={505--512},
  year={2003},
  publisher={Elsevier}
}

@article{berry1964cities,
  title={Cities as systems within systems of cities},
  author={Berry, Brian JL},
  journal={Papers in regional science},
  volume={13},
  number={1},
  pages={147--163},
  year={1964},
  publisher={Wiley Online Library}
}


@article{broido2019scale,
  title={Scale-free networks are rare},
  author={Broido, Anna D and Clauset, Aaron},
  journal={Nature communications},
  volume={10},
  number={1},
  pages={1--10},
  year={2019},
  publisher={Nature Publishing Group}
}


@phdthesis{bretagnolle1999systemes,
  title={Les syst{\`e}mes de villes dans l'espace-temps: effets de l'accroissement des vitesses de d{\'e}placement sur la taille et l'espacement des villes},
  author={Bretagnolle, Anne},
  year={1999},
  school={Paris 1}
}

@article{bretagnolle1998space,
  title={Space-time contraction and the dynamics of urban systems},
  author={Bretagnolle, Anne and Pumain, Denise and Rozenblat, C{\'e}line},
  journal={Cybergeo: European Journal of Geography},
  year={1998},
  publisher={CNRS-UMR G{\'e}ographie-cit{\'e}s 8504}
}


@article{pumain2007formes,
  title={Les formes des syst{\`e}mes de villes dans le monde},
  author={Pumain, D and Bretagnolle, A and Vacchiani-Marcuzzo, C},
  journal={Donn{\'e}es urbaines, Paris, Anthropos, chapitre},
  volume={5},
  pages={301--314},
  year={2007}
}


@article{corral2020truncated,
  title={Truncated lognormal distributions and scaling in the size of naturally defined population clusters},
  author={Corral, {\'A}lvaro and Udina, Frederic and Arcaute, Elsa},
  journal={Physical Review E},
  volume={101},
  number={4},
  pages={042312},
  year={2020},
  publisher={APS}
}



@phdthesis{cottineau2014evolution,
  title={L'{\'e}volution des villes dans l'espace post-sovi{\'e}tique. Observation et mod{\'e}lisations.},
  author={Cottineau, Cl{\'e}mentine},
  year={2014}
}


@article{cottineau2017metazipf,
  title={MetaZipf. A dynamic meta-analysis of city size distributions},
  author={Cottineau, Cl{\'e}mentine},
  journal={PloS one},
  volume={12},
  number={8},
  year={2017},
  publisher={Public Library of Science}
}


@article{cottineau2015growing,
  title={Growing models from the bottom up. An evaluation-based incremental modelling method (EBIMM) applied to the simulation of systems of cities},
  author={Cottineau, Cl{\'e}mentine and Chapron, Paul and Reuillon, Romain},
  journal={Journal of Artificial Societies and Social Simulation},
  volume={18},
  number={4},
  pages={9},
  year={2015}
}


@article{cottineau2017diverse,
  title={Diverse cities or the systematic paradox of Urban Scaling Laws},
  author={Cottineau, Cl{\'e}mentine and Hatna, Erez and Arcaute, Elsa and Batty, Michael},
  journal={Computers, environment and urban systems},
  volume={63},
  pages={80--94},
  year={2017},
  publisher={Elsevier}
}


@article{cura2017old,
  title={The old and the new: qualifying city systems in the world with classical models and new data},
  author={Cura, Robin and Cottineau, Cl{\'e}mentine and Swerts, Elfie and Antonio Ignazzi, Cosmo and Bretagnolle, Anne and Vacchiani-Marcuzzo, Celine and Pumain, Denise},
  journal={Geographical Analysis},
  volume={49},
  number={4},
  pages={363--386},
  year={2017},
  publisher={Wiley Online Library}
}


@incollection{denis2020population,
  title={Population, land, wealth and the global urban sprawl. Drivers of urban built-up expansion across the world from 1990 to 2015},
  author={Denis, E},
  booktitle={Theories and Models of Urbanization. Springer Lecture Notes in Morphogenesis},
  pages={235--258},
  year={2020}
}

@book{denis2017subaltern,
  title={Subaltern urbanisation in India: An introduction to the dynamics of ordinary towns},
  author={Denis, Eric and Z{\'e}rah, Marie-H{\'e}l{\`e}ne},
  year={2017},
  publisher={Springer}
}

@article{dijkstra2014harmonised,
  title={A harmonised definition of cities and rural areas: the new degree of urbanisation},
  author={Dijkstra, Lewis and Poelman, Hugo},
  journal={WP},
  volume={1},
  pages={2014},
  year={2014}
}

@inproceedings{dijkstra2018applying,
  title={Applying the degree of urbanisation to the globe: A new harmonised definition reveals a different picture of global urbanisation},
  author={Dijkstra, Lewis and Florczyk, Aneta and Freire, Sergio and Kemper, Thomas and Pesaresi, Martino and Schiavina, M},
  booktitle={Proceedings of the 16th IAOS Conference: Better Statistics for Better Lives, Paris, France},
  pages={19--20},
  year={2018}
}


@book{durham1991coevolution,
  title={Coevolution: Genes, culture, and human diversity},
  author={Durham, William H},
  year={1991},
  publisher={Stanford University Press}
}

@article{eeckhout2004gibrat,
  title={Gibrat's law for (all) cities},
  author={Eeckhout, Jan},
  journal={American Economic Review},
  volume={94},
  number={5},
  pages={1429--1451},
  year={2004}
}

@phdthesis{finance2016villes,
  title={Les villes fran{\c{c}}aises investies par les firmes transnationales {\'e}trang{\`e}res: des r{\'e}seaux d'entreprises aux {\'e}tablissements localis{\'e}s},
  author={Finance, Olivier},
  year={2016},
  school={Paris 1}
}

@article{florczyk2019ghsl,
  title={GHSL Data Package 2019},
  author={Florczyk, AJ and Corbane, C and Ehrlich, D and Freire, S and Kemper, T and Maffenini, L and Melchiorri, M and Pesaresi, M and Politis, P and Schiavina, M and others},
  journal={European Commission Joint Research Center},
  volume={29788},
  year={2019}
}


@article{krugman1996confronting,
  title={Confronting the mystery of urban hierarchy},
  author={Krugman, Paul},
  journal={Journal of the Japanese and International economies},
  volume={10},
  number={4},
  pages={399--418},
  year={1996},
  publisher={Citeseer}
}

@book{langton1997artificial,
  title={Artificial life: An overview},
  author={Langton, Christopher G},
  year={1997},
  publisher={Mit Press}
}

@article{le2017etalement,
  title={De l’{\'e}talement urbain aux r{\'e}gions m{\'e}tropolitaines polycentriques: formes de fonctionnement et formes de gouvernance},
  author={Le N{\'e}chet, F},
  journal={Peupler la terre-De la pr{\'e}histoire {\`a} l’{\`e}re des m{\'e}tropoles. Presses Universitaires Francois Rabelais, Tours},
  year={2017}
}


@article{melchiorri2019principles,
  title={Principles and applications of the global human settlement layer as baseline for the land use efficiency indicator—SDG 11.3. 1},
  author={Melchiorri, Michele and Pesaresi, Martino and Florczyk, Aneta J and Corbane, Christina and Kemper, Thomas},
  journal={ISPRS International Journal of Geo-Information},
  volume={8},
  number={2},
  pages={96},
  year={2019},
  publisher={Multidisciplinary Digital Publishing Institute}
}


@article{mesoudi2017pursuing,
  title={Pursuing Darwin’s curious parallel: Prospects for a science of cultural evolution},
  author={Mesoudi, Alex},
  journal={Proceedings of the National Academy of Sciences},
  volume={114},
  number={30},
  pages={7853--7860},
  year={2017},
  publisher={National Acad Sciences}
}


@article{nitsch2005zipf,
  title={Zipf zipped},
  author={Nitsch, Volker},
  journal={Journal of Urban Economics},
  volume={57},
  number={1},
  pages={86--100},
  year={2005},
  publisher={Elsevier}
}


@phdthesis{paulus2004coevolution,
  title={Co{\'e}volution dans les syst{\`e}mes de villes: croissance et sp{\'e}cialisation des aires urbaines fran{\c{c}}aises de 1950 {\`a} 2000},
  author={Paulus, Fabien},
  year={2004},
  school={Universit{\'e} Panth{\'e}on-Sorbonne-Paris I}
}

@article{pumain1997pour,
  title={Pour une th{\'e}orie {\'e}volutive des villes},
  author={Pumain, Denise},
  journal={L'Espace g{\'e}ographique},
  pages={119--134},
  year={1997},
  publisher={JSTOR}
}


@incollection{pumain2008socio,
  title={The socio-spatial dynamics of systems of cities and innovation processes: a multi-level model},
  author={Pumain, Denise},
  booktitle={The Dynamics of Complex Urban Systems},
  pages={373--389},
  year={2008},
  publisher={Springer}
}


@incollection{pumain2018evolutionary,
  title={An evolutionary theory of urban systems},
  author={Pumain, Denise},
  booktitle={International and transnational perspectives on urban systems},
  pages={3--18},
  year={2018},
  publisher={Springer}
}


@article{pumain2006evolutionary,
  title={An evolutionary theory for interpreting urban scaling laws},
  author={Pumain, Denise and Paulus, Fabien and Vacchiani-Marcuzzo, C{\'e}line and Lobo, Jos{\'e}},
  journal={Cybergeo: European Journal of Geography},
  year={2006},
  publisher={CNRS-UMR G{\'e}ographie-cit{\'e}s 8504}
}


@article{pumain2015multilevel,
author={Pumain, D. and Swerts, E. and Cottineau, C. and Vacchiani-Marcuzzo, C. and Ignazzi, A. and Bretagnolle, A. and Delisle, F. and Cura, R. and Lizzi, L. and  Baffi, S.},
title={Multi-level comparison of large urban systems},
year={2015},
journal={Cybergeo},
volume={706}
}

@book{pumain2017urban,
  title={Urban dynamics and simulation models},
  author={Pumain, Denise and Reuillon, Romain},
  year={2017},
  publisher={Springer}
}


@inproceedings{raimbault2017identification,
  title={Identification de causalit{\'e}s dans des donn{\'e}es spatio-temporelles},
  author={Raimbault, Juste},
  year={2017}
}

@article{raimbault2018calibration,
  title={Calibration of a density-based model of urban morphogenesis},
  author={Raimbault, Juste},
  journal={PloS one},
  volume={13},
  number={9},
  year={2018},
  publisher={Public Library of Science}
}

@article{raimbault2020indirect,
  title={Indirect evidence of network effects in a system of cities},
  author={Raimbault, Juste},
  journal={Environment and Planning B: Urban Analytics and City Science},
  volume={47},
  number={1},
  pages={138--155},
  year={2020},
  publisher={SAGE Publications Sage UK: London, England}
}


@article{raimbault2018co,
  title={Co-evolution and morphogenetic systems},
  author={Raimbault, Juste},
  journal={arXiv preprint arXiv:1803.11457},
  year={2018}
}


@article{raimbault2018modeling,
  title={Modeling the co-evolution of cities and networks},
  author={Raimbault, Juste},
  journal={arXiv preprint arXiv:1804.09430},
  year={2018}
}


@phdthesis{raimbault2018caracterisation,
  title={Caract{\'e}risation et mod{\'e}lisation de la co-{\'e}volution des r{\'e}seaux de transport et des territoires},
  author={Raimbault, Juste},
  year={2018},
  school={Universit{\'e} Paris 7 Denis Diderot}
}


@article{raimbault2019multi,
  title={Multi-dimensional urban network percolation},
  author={Raimbault, Juste},
  journal={JIMIS},
  volume={5},
  pages={5},
  year={2019}
}

@incollection{raimbault2019multiscalar,
author={Raimbault, Juste},
title={A Multi-scalar Model for Systems of Cities},
booktitle={Conference on Complex Systems, Singapore},
year={2019}
}

@incollection{raimbault2020unveiling,
  title={Unveiling co-evolutionary patterns in systems of cities: a systematic exploration of the SimpopNet model},
  author={Raimbault, Juste},
  booktitle={Theories and Models of Urbanization},
  pages={261--278},
  year={2020},
  publisher={Springer}
}

@article{reuillon2013openmole,
  title={OpenMOLE, a workflow engine specifically tailored for the distributed exploration of simulation models},
  author={Reuillon, Romain and Leclaire, Mathieu and Rey-Coyrehourcq, Sebastien},
  journal={Future Generation Computer Systems},
  volume={29},
  number={8},
  pages={1981--1990},
  year={2013},
  publisher={Elsevier}
}

@article{ribeiro2019effects,
  title={Effects of changing population or density on urban carbon dioxide emissions},
  author={Ribeiro, Haroldo V and Rybski, Diego and Kropp, J{\"u}rgen P},
  journal={Nature communications},
  volume={10},
  number={1},
  pages={1--9},
  year={2019},
  publisher={Nature Publishing Group}
}


@article{rozenblat2018conclusion,
  title={Conclusion: Toward a methodology for multi-scalar urban system policies},
  author={Rozenblat, Celine and Pumain, Denise},
  journal={International and Transnational Perspectives on Urban Systems},
  pages={385},
  year={2018},
  publisher={Springer}
}


@techreport{schamp2010notion,
  title={On the notion of co-evolution in economic geography},
  author={Schamp, Eike W},
  year={2010},
  institution={Edward Elgar Publishing}
}


@phdthesis{schmitt2014modelisation,
  title={Mod{\'e}lisation de la dynamique des syst{\`e}mes de peuplement: de SimpopLocal {\`a} SimpopNet},
  author={Schmitt, Clara},
  year={2014},
  school={Universit{\'e} Panth{\'e}on-Sorbonne-Paris I}
}


@article{schmitt2015half,
  title={Half a billion simulations: Evolutionary algorithms and distributed computing for calibrating the SimpopLocal geographical model},
  author={Schmitt, Clara and Rey-Coyrehourcq, S{\'e}bastien and Reuillon, Romain and Pumain, Denise},
  journal={Environment and Planning B: Planning and Design},
  volume={42},
  number={2},
  pages={300--315},
  year={2015},
  publisher={SAGE Publications Sage UK: London, England}
}


@article{strauss2005toward,
  title={Toward a more trait-centered approach to diffuse (co) evolution},
  author={Strauss, Sharon Y and Sahli, Heather and Conner, Jeffrey K},
  journal={New Phytologist},
  volume={165},
  number={1},
  pages={81--90},
  year={2005},
  publisher={Wiley Online Library}
}


@article{desa2018world,
  title={World urbanization prospects: 2018},
  author={DESA, UN},
  journal={United Nations Department for Economic and Social Affairs},
  year={2018},
  url={https://esa.un.org/unpd/wup}
}

@article{wegener2004land,
  title={Land-use transport interaction: state of the art},
  author={Wegener, Michael and F{\"u}rst, Franz},
  journal={Available at SSRN 1434678},
  year={2004}
}


@incollection{wu2020emerging,
  title={Emerging cities and urban theories: a Chinese perspective},
  author={Wu, Fulong},
  booktitle={Theories and models of urbanization},
  pages={171--182},
  year={2020},
  publisher={Springer}
}

@article{xu2010spatial,
  title={A Spatial and Temporal Autocorrelated Growth Model for City Rank—Size Distribution},
  author={Xu, Zengwang and Harriss, Robert},
  journal={Urban Studies},
  volume={47},
  number={2},
  pages={321--335},
  year={2010},
  publisher={SAGE Publications Sage UK: London, England}
}


@article{xu2014discontinuities,
  title={Discontinuities in the evolution of the city system in Texas from 1850 to 2010},
  author={Xu, Zengwang and Harriss, Robert},
  journal={Computers, environment and urban systems},
  volume={43},
  pages={14--24},
  year={2014},
  publisher={Elsevier}
}



@article{gibrat1931ingalits,
  title={Les ingalit{\'e}s {\'e}conomiques},
  author={Gibrat, Robert},
  journal={Libraire du Recueil Sierey, Paris},
  volume={235},
  year={1931}
}


@article{robson1973view,
  title={A view on the urban sense},
  author={Robson, BT},
  journal={Studies in human geography},
  pages={203--241},
  year={1973},
  publisher={Heinemann}
}


@book{pumain1982dynamique,
  title={La dynamique des villes},
  author={Pumain, Denise},
  year={1982},
  publisher={Economica}
}

@article{gabaix1999zipf,
  title={Zipf's law for cities: an explanation},
  author={Gabaix, Xavier},
  journal={The Quarterly journal of economics},
  volume={114},
  number={3},
  pages={739--767},
  year={1999},
  publisher={MIT Press}
}

@article{decker2007global,
  title={Global patterns of city size distributions and their fundamental drivers},
  author={Decker, Ethan H and Kerkhoff, Andrew J and Moses, Melanie E},
  journal={PLoS One},
  volume={2},
  number={9},
  year={2007},
  publisher={Public Library of Science}
}

@phdthesis{favaro2007croissance,
  title={Croissance urbaine et cycles d'innovation dans les syst{\`e}mes de villes: une mod{\'e}lisation par les interactions spatiales},
  author={Favaro, Jean-Marc},
  year={2007},
  school={Paris 1}
}

@article{favaro2011gibrat,
  title={Gibrat Revisited: An Urban Growth Model Incorporating Spatial Interaction and Innovation Cycles.},
  author={Favaro, Jean-Marc and Pumain, Denise},
  journal={Geographical Analysis},
  volume={43},
  number={3},
  pages={261--286},
  year={2011},
  publisher={Wiley Online Library}
}


@article{wilson1971family,
  title={A family of spatial interaction models, and associated developments},
  author={Wilson, Alan Geoffrey},
  journal={Environment and Planning A},
  volume={3},
  number={1},
  pages={1--32},
  year={1971},
  publisher={Sage Publications Sage UK: London, England}
}


@book{hagerstrand1952propagation,
  title={The propagation of innovation waves},
  author={Hagerstrand, Torsten},
  year={1952}
}



@misc{bretagnolle2007formes,
  title={Les formes des syst{\`e}mes de villes dans le monde},
  author={Bretagnolle, Anne and Pumain, Denise and Vacchiani-Marcuzzo, C{\'e}line},
  year={2007}
}

@phdthesis{paulus2004coevolution,
  title={Co{\'e}volution dans les syst{\`e}mes de villes: croissance et sp{\'e}cialisation des aires urbaines fran{\c{c}}aises de 1950 {\`a} 2000},
  author={Paulus, Fabien},
  year={2004},
  school={Universit{\'e} Panth{\'e}on-Sorbonne-Paris I}
}


@book{nelson2009evolutionary,
  title={An evolutionary theory of economic change},
  author={Nelson, Richard R},
  year={2009},
  publisher={harvard university press}
}


@article{volberda2003co,
  title={Co-evolutionary dynamics within and between firms: From evolution to co-evolution},
  author={Volberda, Henk W and Lewin, Arie Y},
  journal={Journal of management studies},
  volume={40},
  number={8},
  pages={2111--2136},
  year={2003},
  publisher={Wiley Online Library}
}


@article{bull2000meme,
  title={On meme--gene coevolution},
  author={Bull, Larry and Holland, Owen and Blackmore, Susan},
  journal={Artificial life},
  volume={6},
  number={3},
  pages={227--235},
  year={2000},
  publisher={MIT Press}
}


@article{janzen1980coevolution,
  title={When is it coevolution?},
  author={Janzen, Daniel H},
  year={1980}
}



@article{ter2011co,
  title={Co-evolution of firms, industries and networks in space},
  author={Ter Wal, Anne LJ and Boschma, Ron},
  journal={Regional studies},
  volume={45},
  number={7},
  pages={919--933},
  year={2011},
  publisher={Routledge}
}


@article{colletis2010co,
  title={Co-{\'e}volution des territoires et de la technologie: une perspective institutionnaliste},
  author={Colletis, Gabriel},
  journal={Revue dEconomie Regionale Urbaine},
  number={2},
  pages={235--249},
  year={2010},
  publisher={Armand Colin}
}

@article{kallis2007coevolution,
  title={When is it coevolution?},
  author={Kallis, Giorgos},
  journal={Ecological Economics},
  volume={62},
  number={1},
  pages={1--6},
  year={2007},
  publisher={Elsevier}
}


@book{holland2012signals,
  title={Signals and boundaries: Building blocks for complex adaptive systems},
  author={Holland, John H},
  year={2012},
  publisher={Mit Press}
}


@phdthesis{swerts2013systemes,
  title={Les Syst{\`e}mes de villes en Inde et en Chine},
  author={Swerts, Elfie},
  year={2013}
}


@book{rozenblat2018international,
  title={International and Transnational Perspectives on Urban Systems},
  author={Rozenblat, C{\'e}line and Pumain, Denise and Velasquez, Elkin},
  year={2018},
  publisher={Springer}
}


@article{bretagnolle2010simulating,
  title={Simulating urban networks through multiscalar space-time dynamics: Europe and the united states, 17th-20th centuries},
  author={Bretagnolle, Anne and Pumain, Denise},
  journal={Urban Studies},
  volume={47},
  number={13},
  pages={2819--2839},
  year={2010},
  publisher={SAGE Publications Sage UK: London, England}
}


@article{bertaud2003spatial,
  title={The spatial distribution of population in 48 world cities: Implications for economies in transition},
  author={Bertaud, Alain and Malpezzi, Stephen},
  journal={Center for urban land economics research, University of Wisconsin},
  volume={32},
  number={1},
  pages={54--55},
  year={2003}
}


@article{swerts2017data,
  title={A data base on Chinese urbanization: ChinaCities},
  author={Swerts, Elfie},
  journal={Cybergeo: European Journal of Geography},
  year={2017},
  publisher={CNRS-UMR G{\'e}ographie-cit{\'e}s 8504}
}

