

@article{liu2019modelling,
  title={Modelling urban change with cellular automata: Contemporary issues and future research directions},
  author={Liu, Yan and Batty, Michael and Wang, Siqin and Corcoran, Jonathan},
  journal={Progress in Human Geography},
  pages={0309132519895305},
  year={2019},
  publisher={SAGE Publications Sage UK: London, England},
  file={Biblio/DomainSpecific/UrbanModeling/0309132519895305.pdf}
}



