

@inproceedings{denis2019population,
author={Denis, E.},
year={2019},
title={Population, Land, Wealth and the Global Urban Sprawl. Drivers of urban built-up expansion across the world from 1990 to 2015},
booktitle={Pumain D. (ed) Theories and models of urbanization},
publisher={Springer}
}


@book{pumain2017urban,
  title={Urban dynamics and simulation models},
  author={Pumain, Denise and Reuillon, Romain},
  year={2017},
  publisher={Springer}
}


@article{raimbault2018indirect,
  title={Indirect evidence of network effects in a system of cities},
  author={Raimbault, Juste},
  journal={Environment and Planning B: Urban Analytics and City Science},
  pages={2399808318774335},
  year={2018},
  publisher={SAGE Publications Sage UK: London, England}
}


@article{raimbault2018calibration,
  title={Calibration of a density-based model of urban morphogenesis},
  author={Raimbault, Juste},
  journal={PloS one},
  volume={13},
  number={9},
  pages={e0203516},
  year={2018},
  publisher={Public Library of Science}
}

@article{cura2017old,
  title={The old and the new: qualifying city systems in the world with classical models and new data},
  author={Cura, Robin and Cottineau, Cl{\'e}mentine and Swerts, Elfie and Antonio Ignazzi, Cosmo and Bretagnolle, Anne and Vacchiani-Marcuzzo, Celine and Pumain, Denise},
  journal={Geographical Analysis},
  volume={49},
  number={4},
  pages={363--386},
  year={2017},
  publisher={Wiley Online Library}
}


@article{pumain2015multilevel,
  title={Multilevel comparison of large urban systems},
  author={Pumain, Denise and Swerts, Elfie and Cottineau, Cl{\'e}mentine and Vacchiani-Marcuzzo, C{\'e}line and Ignazzi, Cosmo Antonio and Bretagnolle, Anne and Delisle, Fran{\c{c}}ois and Cura, Robin and Lizzi, Liliane and Baffi, Sol{\`e}ne},
  journal={Cybergeo: European Journal of Geography},
  year={2015},
  publisher={CNRS-UMR G{\'e}ographie-cit{\'e}s 8504}
}