
@book{aghion1998endogenous,
  title={Endogenous growth theory},
  author={Aghion, Philippe and Ljungqvist, L and Howitt, Peter and Howitt, Peter W and Brant-Collett, Maxine and Garc{\'\i}a-Pe{\~n}alosa, Cecilia and others},
  year={1998},
  publisher={MIT press}
}

@article{audretsch2005does,
  title={Does the knowledge spillover theory of entrepreneurship hold for regions?},
  author={Audretsch, David B and Lehmann, Erik E},
  journal={Research policy},
  volume={34},
  number={8},
  pages={1191--1202},
  year={2005},
  publisher={Elsevier}
}

@phdthesis{banos2013pour,
  title={Pour des pratiques de mod{\'e}lisation et de simulation lib{\'e}r{\'e}es en g{\'e}ographie et SHS},
  author={Banos, Arnaud},
  year={2013}
}

@book{batty2013new,
  title={The new science of cities},
  author={Batty, Michael},
  year={2013},
  publisher={MIT press}
}

@article{brenner2014urban,
  title={The ‘urban age’in question},
  author={Brenner, Neil and Schmid, Christian},
  journal={International journal of urban and regional research},
  volume={38},
  number={3},
  pages={731--755},
  year={2014},
  publisher={Wiley Online Library}
}

@article{caldarelli2018physics,
  title={Physics of humans, physics for society},
  author={Caldarelli, Guido and Wolf, Sarah and Moreno, Yamir},
  journal={Nature Physics},
  volume={14},
  number={9},
  pages={870--870},
  year={2018},
  publisher={Nature Publishing Group}
}

@article{callebaut2012scientific,
  title={Scientific perspectivism: A philosopher of science’s response to the challenge of big data biology},
  author={Callebaut, Werner},
  journal={Studies in History and Philosophy of Science Part C: Studies in History and Philosophy of Biological and Biomedical Sciences},
  volume={43},
  number={1},
  pages={69--80},
  year={2012},
  publisher={Elsevier}
}

@article{chavalarias2009french,
  title={French roadmap for complex systems 2008-2009},
  author={Chavalarias, David and Bourgine, Paul and Perrier, Edith and Amblard, Fr{\'e}deric and Arlabosse, Fran{\c{c}}ois and Auger, Pierre and Baillon, Jean-Bernard and Barreteau, Olivier and Baudot, Pierre and Bouchaud, Elisabeth and others},
  year={2009}
}

@article{clarke1998loose,
  title={Loose-coupling a cellular automaton model and GIS: long-term urban growth prediction for San Francisco and Washington/Baltimore},
  author={Clarke, Keith C and Gaydos, Leonard J},
  journal={International journal of geographical information science},
  volume={12},
  number={7},
  pages={699--714},
  year={1998},
  publisher={Taylor \& Francis}
}

@phdthesis{cottineau2014evolution,
  title={L'{\'e}volution des villes dans l'espace post-sovi{\'e}tique. Observation et mod{\'e}lisations.},
  author={Cottineau, Cl{\'e}mentine},
  year={2014},
  school={Universit{\'e} Paris 1 Panth{\'e}on-Sorbonne}
}

@article{cottineau2015growing,
  title={Growing models from the bottom up. An evaluation-based incremental modelling method (EBIMM) applied to the simulation of systems of cities},
  author={Cottineau, Cl{\'e}mentine and Chapron, Paul and Reuillon, Romain},
  journal={Journal of Artificial Societies and Social Simulation},
  volume={18},
  number={4},
  pages={9},
  year={2015}
}

@article{cottineau2015modular,
  title={A modular modelling framework for hypotheses testing in the simulation of urbanisation},
  author={Cottineau, Cl{\'e}mentine and Reuillon, Romain and Chapron, Paul and Rey-Coyrehourcq, S{\'e}bastien and Pumain, Denise},
  journal={Systems},
  volume={3},
  number={4},
  pages={348--377},
  year={2015},
  publisher={Multidisciplinary Digital Publishing Institute}
}

@article{cottineau2017metazipf,
  title={MetaZipf. A dynamic meta-analysis of city size distributions},
  author={Cottineau, Cl{\'e}mentine},
  journal={PloS one},
  volume={12},
  number={8},
  pages={e0183919},
  year={2017},
  publisher={Public Library of Science San Francisco, CA USA}
}

@article{cottineau2020metametazipf,
  title={MetaMetaZipf. What do analyses of city size distributions have in common?},
  author={Cottineau, Cl{\'e}mentine},
  journal={arXiv preprint arXiv:2008.11473},
  year={2020}
}

@article{cura2017old,
  title={The old and the new: qualifying city systems in the world with classical models and new data},
  author={Cura, Robin and Cottineau, Cl{\'e}mentine and Swerts, Elfie and Antonio Ignazzi, Cosmo and Bretagnolle, Anne and Vacchiani-Marcuzzo, Celine and Pumain, Denise},
  journal={Geographical Analysis},
  volume={49},
  number={4},
  pages={363--386},
  year={2017},
  publisher={Wiley Online Library}
}


@incollection{denis2020more,
  title={More Urban Constructions for Whom? Drivers of Urban Built-Up Expansion Across the World from 1990 to 2015},
  author={Denis, Eric},
  booktitle={Theories and Models of Urbanization},
  pages={235--258},
  year={2020},
  publisher={Springer}
}

@inproceedings{dupuy1987vers,
  title={Vers une th{\'e}orie territoriale des r{\'e}seaux: une application au transport urbain},
  author={Dupuy, Gabriel},
  booktitle={Annales de g{\'e}ographie},
  pages={658--679},
  year={1987},
  organization={JSTOR}
}

@inproceedings{durand1991particulier,
  title={Le particulier et le g{\'e}n{\'e}ral en g{\'e}ographie},
  author={Durand-Dast{\`e}s, Fran{\c{c}}ois},
  booktitle={Actes du sixi{\`e}me colloque de didactique de l'histoire, de la g{\'e}ographie et des sciences sociales},
  volume={6},
  pages={209--219},
  year={1991},
  organization={Institut national de recherche p{\'e}dagogique}
}

@article{egidi2020long,
  title={The Long Way to Tipperary: City Size and Worldwide Urban Population Trends, 1950-2030},
  author={Egidi, Gianluca and Salvati, Luca and Vinci, Sabato},
  journal={Sustainable Cities and Society},
  pages={102148},
  year={2020},
  publisher={Elsevier}
}

@article{favaro2011gibrat,
  title={Gibrat Revisited: An Urban Growth Model Incorporating Spatial Interaction and Innovation Cycles.},
  author={Favaro, Jean-Marc and Pumain, Denise},
  journal={Geographical Analysis},
  volume={43},
  number={3},
  pages={261--286},
  year={2011},
  publisher={Wiley Online Library}
}

@book{gibrat1931inegalites,
  title={Les In{\'e}galit{\'e}s {\'E}conomiques, Librairie du Recueil Sirey, Paris},
  author={Gibrat, R},
  year={1931}
}

@book{giere2010scientific,
  title={Scientific perspectivism},
  author={Giere, Ronald N},
  year={2010},
  publisher={University of Chicago Press}
}

@article{grossetti2020matiere,
  title={Mati{\`e}re sociale-Introduction: {\`a} la recherche d'une ontologie robuste},
  author={Grossetti, Michel},
  year={2020}
}

@book{hagerstrand1968innovation,
  title={Innovation diffusion as a spatial process.},
  author={Hagerstrand, Torsten and others},
  year={1968},
  publisher={Chicago, USA: Univ. Chicago Press.}
}

@article{halvorson2012scientific,
  title={What scientific theories could not be},
  author={Halvorson, Hans},
  journal={Philosophy of science},
  volume={79},
  number={2},
  pages={183--206},
  year={2012},
  publisher={University of Chicago Press Chicago, IL}
}

@article{huutoniemi2010analyzing,
  title={Analyzing interdisciplinarity: Typology and indicators},
  author={Huutoniemi, Katri and Klein, Julie Thompson and Bruun, Henrik and Hukkinen, Janne},
  journal={Research policy},
  volume={39},
  number={1},
  pages={79--88},
  year={2010},
  publisher={Elsevier}
}

@article{jiang2015zipf,
  title={Zipf’s law for all the natural cities around the world},
  author={Jiang, Bin and Yin, Junjun and Liu, Qingling},
  journal={International Journal of Geographical Information Science},
  volume={29},
  number={3},
  pages={498--522},
  year={2015},
  publisher={Taylor \& Francis}
}

@article{krugman1996confronting,
  title={Confronting the mystery of urban hierarchy},
  author={Krugman, Paul},
  journal={Journal of the Japanese and International economies},
  volume={10},
  number={4},
  pages={399--418},
  year={1996},
  publisher={Citeseer}
}

@book{lane2009complexity,
  title={Complexity perspectives in innovation and social change},
  author={Lane, David and Pumain, Denise and van der Leeuw, Sander Ernst and West, Geoffrey},
  volume={7},
  year={2009},
  publisher={Springer Science \& Business Media}
}

@inproceedings{leclaire2019retour,
  title={Retour d'exp{\'e}rience de l'{\'e}cole OpenMOLE" ExModelo", organis{\'e}e en partenariat avec le m{\'e}so-centre du CRIANN},
  author={Leclaire, Mathieu and Rey-Coyrehourcq, Sebastien and Charton, B{\'e}atrice and Arduin, H{\'e}l{\`e}ne and Chapron, Paul and Ch{\'e}rel, Guillaume and Delay, Etienne and Gaston, Benoist and Lavall{\'e}e, Fran{\c{c}}ois and Passerat-Palmbach, Jonathan and others},
  booktitle={Journ{\'e}es Calcul et Donn{\'e}es 2019},
  year={2019}
}

@article{lobo2020urban,
  title={Urban science: Integrated theory from the first cities to sustainable metropolises},
  author={Lobo, Jos{\'e} and Alberti, Marina and Allen-Dumas, Melissa and Arcaute, Elsa and Barthelemy, Marc and Bojorquez Tapia, Luis A and Brail, Shauna and Bettencourt, Luis and Beukes, Anni and Chen, Wei-Qiang and others},
  year={2020}
}

@article{mesoudi2017pursuing,
  title={Pursuing Darwin’s curious parallel: Prospects for a science of cultural evolution},
  author={Mesoudi, Alex},
  journal={Proceedings of the National Academy of Sciences},
  volume={114},
  number={30},
  pages={7853--7860},
  year={2017},
  publisher={National Acad Sciences}
}

@incollection{modica2017methodological,
  title={Methodological advances in Gibrat’s and Zipf’s laws: a comparative empirical study on the evolution of urban systems},
  author={Modica, Marco and Reggiani, Aura and Nijkamp, Peter},
  booktitle={Socioeconomic Environmental Policies and Evaluations in Regional Science},
  pages={37--59},
  year={2017},
  publisher={Springer}
}

@article{mustafa2017coupling,
  title={Coupling agent-based, cellular automata and logistic regression into a hybrid urban expansion model (HUEM)},
  author={Mustafa, Ahmed and Cools, Mario and Saadi, Isma{\"\i}l and Teller, Jacques},
  journal={Land Use Policy},
  volume={69},
  pages={529--540},
  year={2017},
  publisher={Elsevier}
}

@incollection{openshaw1993modelling,
  title={Modelling spatial interaction using a neural net},
  author={Openshaw, Stan},
  booktitle={Geographic information systems, spatial modelling and policy evaluation},
  pages={147--164},
  year={1993},
  publisher={Springer}
}

@phdthesis{paulus2004coevolution,
  title={Co{\'e}volution dans les syst{\`e}mes de villes: croissance et sp{\'e}cialisation des aires urbaines fran{\c{c}}aises de 1950 {\`a} 2000},
  author={Paulus, Fabien},
  year={2004},
  school={Universit{\'e} Panth{\'e}on-Sorbonne-Paris I}
}

@article{pumain1996theoriser,
  title={Th{\'e}oriser la ville in Derycke PH, Huriot JM, Pumain D},
  author={Pumain, D and Robic, MC},
  journal={Penser la Ville. Th{\'e}ories et mod{\`e}les},
  year={1996}
}

@article{pumain1997pour,
  title={Pour une th{\'e}orie {\'e}volutive des villes},
  author={Pumain, Denise},
  journal={L'Espace g{\'e}ographique},
  pages={119--134},
  year={1997},
  publisher={JSTOR}
}

@incollection{pumain1998urban,
  title={Urban research and complexity},
  author={Pumain, Denise},
  booktitle={The city and its sciences},
  pages={323--361},
  year={1998},
  publisher={Springer}
}

@article{pumain2003approche,
  title={Une approche de la complexit{\'e} en g{\'e}ographie},
  author={Pumain, Denise},
  journal={G{\'e}ocarrefour},
  volume={78},
  number={1},
  pages={25--31},
  year={2003},
  publisher={Association des amis de la Revue de G{\'e}ographie de Lyon}
}

@article{pumain2010espace,
  title={L’espace, m{\'e}dium d’une construction spiralaire de la g{\'e}ographie, entre soci{\'e}t{\'e} et environnement},
  author={Pumain, Denise},
  journal={La Cumulativit{\'e} des savoirs en sciences sociales. Paris: {\'E}cole des hautes {\'e}tudes en sciences sociales},
  pages={163--197},
  year={2010}
}

@article{pumain2012theorie,
  title={Une th{\'e}orie g{\'e}ographique pour la loi de Zipf},
  author={Pumain, Denise and others},
  journal={R{\'e}gion et d{\'e}veloppement},
  volume={36},
  number={31-54},
  pages={125--150},
  year={2012}
}

@incollection{pumain2012urban,
  title={Urban systems dynamics, urban growth and scaling laws: The question of ergodicity},
  author={Pumain, Denise},
  booktitle={Complexity theories of cities have come of age},
  pages={91--103},
  year={2012},
  publisher={Springer}
}

@article{pumain2013theoretical,
  title={Theoretical principles in interurban simulation models: a comparison},
  author={Pumain, Denise and Sanders, Lena},
  journal={Environment and Planning A},
  volume={45},
  number={9},
  pages={2243--2260},
  year={2013},
  publisher={SAGE Publications Sage UK: London, England}
}

@article{pumain2015multilevel,
  title={Multilevel comparison of large urban systems},
  author={Pumain, Denise and Swerts, Elfie and Cottineau, Cl{\'e}mentine and Vacchiani-Marcuzzo, C{\'e}line and Ignazzi, Cosmo Antonio and Bretagnolle, Anne and Delisle, Fran{\c{c}}ois and Cura, Robin and Lizzi, Liliane and Baffi, Sol{\`e}ne},
  journal={Cybergeo: European Journal of Geography},
  year={2015},
  publisher={CNRS-UMR G{\'e}ographie-cit{\'e}s 8504}
}

@incollection{pumain2020conclusion,
  title={Conclusion: Perspectives on urban theories},
  author={Pumain, Denise and Raimbault, Juste},
  booktitle={Theories and Models of Urbanization},
  pages={303--330},
  year={2020},
  publisher={Springer}
}

@book{pumain2017urban,
  title={Urban dynamics and simulation models},
  author={Pumain, Denise and Reuillon, Romain},
  year={2017},
  publisher={Springer}
}

@book{pumain2020theories,
  title={Theories and Models of Urbanization},
  author={Pumain, Denise},
  year={2020},
  publisher={Springer}
}

@inproceedings{raimbault2017applied,
  title={An Applied Knowledge Framework to Study Complex Systems},
  author={Raimbault, Juste},
  booktitle={Complex Systems Design \& Management},
  pages={31--45},
  year={2017}
}

@article{raimbault2018calibration,
  title={Calibration of a density-based model of urban morphogenesis},
  author={Raimbault, Juste},
  journal={PloS one},
  volume={13},
  number={9},
  pages={e0203516},
  year={2018},
  publisher={Public Library of Science San Francisco, CA USA}
}

@article{raimbault2020indirect,
  title={Indirect evidence of network effects in a system of cities},
  author={Raimbault, Juste},
  journal={Environment and Planning B: Urban Analytics and City Science},
  volume={47},
  number={1},
  pages={138--155},
  year={2020},
  publisher={SAGE Publications Sage UK: London, England}
}

@incollection{raimbault2020unveiling,
  title={Unveiling co-evolutionary patterns in systems of cities: a systematic exploration of the SimpopNet model},
  author={Raimbault, Juste},
  booktitle={Theories and Models of Urbanization},
  pages={261--278},
  year={2020},
  publisher={Springer}
}


@article{raimbault2020model,
author = {Raimbault, Juste},
title = {A model of urban evolution based on innovation diffusion},
journal = {Artificial Life Conference Proceedings},
volume = {},
number = {32},
pages = {500-508},
year = {2020},
doi = {10.1162/isal\_a\_00283},

URL = { 
        https://www.mitpressjournals.org/doi/abs/10.1162/isal_a_00283
    
},
eprint = { 
        https://www.mitpressjournals.org/doi/pdf/10.1162/isal_a_00283
    
}
,
    abstract = { The dynamics of urban systems can be understood from an evolutionary perspective, in some sense extending biological and cultural evolution. Models for systems of cities implementing elementary evolutionary processes remain however to be investigated. We propose here such a model for urban dynamics at the macroscopic scale, in which the diffusion of innovations between cities captures transformation processes (mutations) and transmission processes (diffusion), using two coupled spatial interaction models. Explorations of the model on synthetic systems of cities show the role of spatial interaction and innovation diffusion ranges on measures of diversity and utility, and the existence of intermediate ranges yielding an optimal utility. Multi-objective optimization shows how the model produces a compromize between utility and diversity. This model paves the way towards more elaborated formalizations of urban evolution. }
}

@incollection{raimbault2020relating,
  title={Relating complexities for the reflexive study of complex systems},
  author={Raimbault, Juste},
  booktitle={Theories and models of urbanization},
  pages={27--41},
  year={2020},
  publisher={Springer}
}

@incollection{raimbault2020modeling,
author={Raimbault, Juste},
title={Modeling the co-evolution of cities and networks},
year={2020},
booktitle={Handbook of Cities and Networks, Rozenblat C., Niel Z., eds. Edward Elgar Publishing. In press}
}

@article{raimbault2020hierarchy,
  title={Hierarchy and co-evolution processes in urban systems},
  author={Raimbault, Juste},
  journal={arXiv preprint arXiv:2001.11989},
  year={2020}
}

@article{raimbault2019methods,
  title={Methods for Exploring Simulation Models},
  author={Raimbault, Juste and Pumain, Denise},
  journal={Geographical Modeling: Cities and Territories},
  volume={2},
  pages={125--150},
  year={2019},
  publisher={Wiley Online Library}
}

@article{raimbault2019space,
  title={Space Matters: Extending Sensitivity Analysis to Initial Spatial Conditions in Geosimulation Models},
  author={Raimbault, J and Cottineau, C and Le Texier, M and Le Nechet, F and Reuillon, R},
  journal={Journal of Artificial Societies and Social Simulation},
  volume={22},
  number={4},
  year={2019},
  publisher={JASSS}
}

@article{raimbault2020empowering, title={Empowering Urban Governance through Urban Science: Multi-Scale Dynamics of Urban Systems Worldwide}, volume={12}, ISSN={2071-1050}, url={http://dx.doi.org/10.3390/su12155954}, DOI={10.3390/su12155954}, number={15}, journal={Sustainability}, publisher={MDPI AG}, author={Raimbault, Juste and Denis, Eric and Pumain, Denise}, year={2020}, month={Jul}, pages={5954}}

@incollection{raimbault2020scala,
author={Raimbault, J. and Perret, J. and Reuillon, R.},
title={A scala library for spatial sensitivity analysis},
booktitle={GISRUK 2020 Proceedings. Birkbeck, University of London},
year={2020}
}


@book{reggiani2009complexity,
  title={Complexity and spatial networks: in search of simplicity},
  author={Reggiani, Aura and Nijkamp, Peter},
  year={2009},
  publisher={Springer Science \& Business Media}
}

@article{reuillon2013openmole,
  title={OpenMOLE, a workflow engine specifically tailored for the distributed exploration of simulation models},
  author={Reuillon, Romain and Leclaire, Mathieu and Rey-Coyrehourcq, Sebastien},
  journal={Future Generation Computer Systems},
  volume={29},
  number={8},
  pages={1981--1990},
  year={2013},
  publisher={Elsevier}
}

@article{reuillon2015new,
  title={A new method to evaluate simulation models: the calibration profile (cp) algorithm},
  author={Reuillon, Romain and Schmitt, Clara and De Aldama, Ricardo and Mouret, Jean-Baptiste},
  journal={Journal of Artificial Societies and Social Simulation},
  volume={18},
  number={1},
  pages={12},
  year={2015}
}

@phdthesis{rey2015plateforme,
  title={Une plateforme int{\'e}gr{\'e}e pour la construction et l'{\'e}valuation de mod{\`e}les de simulation en g{\'e}ographie.(An integrated platform for building and evaluating model of simulation in geography).},
  author={Rey-Coyrehourcq, S{\'e}bastien},
  year={2015},
  school={Pantheon-Sorbonne University, Paris, France}
}

@inproceedings{rey2019calcul,
  title={Le calcul intensif en g{\'e}ographie: une tradition bien ancr{\'e}e},
  author={Rey-Coyrehourcq, S{\'e}bastien and Banos, Arnaud and Raimbault, Juste},
  booktitle={JCAD Journ{\'e}es Calcul et Donn{\'e}es 2019},
  year={2019}
}

@article{robinson2016comparative,
  title={Comparative urbanism: new geographies and cultures of theorizing the urban},
  author={Robinson, Jennifer},
  journal={International Journal of Urban and Regional Research},
  volume={40},
  number={1},
  pages={187--199},
  year={2016},
  publisher={Wiley Online Library}
}

@book{robson1973urban,
  title={Urban Growth: an approach},
  author={Robson, BT},
  publisher={Methuen \& Co Ltd., London},
  year={1973}
}

@inproceedings{roth2006reconstruction,
  title={Reconstruction failures: Questioning level design},
  author={Roth, Camille},
  booktitle={International Workshop on Epistemological Aspects of Computer Simulation in the Social Sciences},
  pages={89--98},
  year={2006},
  organization={Springer}
}

@article{rozenblat2020extending,
  title={Extending the concept of city for delineating large urban regions (LUR) for the cities of the world},
  author={Rozenblat, C{\'e}line},
  journal={Cybergeo: European Journal of Geography},
  year={2020},
  publisher={CNRS-UMR G{\'e}ographie-cit{\'e}s 8504}
}

@article{sanders2012regards,
  title={Regards scientifiques crois{\'e}s sur la hi{\'e}rarchie des syst{\`e}mes de peuplement: de l'empirie aux syst{\`e}mes complexes},
  author={Sanders, Lena},
  year={2012}
}

@phdthesis{schmitt2014modelisation,
  title={Mod{\'e}lisation de la dynamique des syst{\`e}mes de peuplement: de SimpopLocal {\`a} SimpopNet},
  author={Schmitt, Clara},
  year={2014},
  school={Universit{\'e} Panth{\'e}on-Sorbonne-Paris I}
}

@article{schmitt2015half,
  title={Half a billion simulations: Evolutionary algorithms and distributed computing for calibrating the SimpopLocal geographical model},
  author={Schmitt, Clara and Rey-Coyrehourcq, S{\'e}bastien and Reuillon, Romain and Pumain, Denise},
  journal={Environment and Planning B: Planning and Design},
  volume={42},
  number={2},
  pages={300--315},
  year={2015},
  publisher={SAGE Publications Sage UK: London, England}
}

@article{scott2015nature,
  title={The nature of cities: The scope and limits of urban theory},
  author={Scott, Allen J and Storper, Michael},
  journal={International journal of urban and regional research},
  volume={39},
  number={1},
  pages={1--15},
  year={2015},
  publisher={Wiley Online Library}
}

@article{suppe2000understanding,
  title={Understanding scientific theories: An assessment of developments, 1969-1998},
  author={Suppe, Frederick},
  journal={Philosophy of science},
  volume={67},
  pages={S102--S115},
  year={2000},
  publisher={University of Chicago Press}
}

@incollection{swerts2018diffuse,
  title={Diffuse Urbanization and Mega-Urban Regions in India: Between Reluctant and Restrictive Urbanism?},
  author={Swerts, Elfie and Denis, Eric and Mukhopadhyay, Partha},
  booktitle={International and Transnational Perspectives on Urban Systems},
  pages={237--262},
  year={2018},
  publisher={Springer}
}

@book{varenne2018theories,
  title={Th{\'e}ories et mod{\`e}les en sciences humaines: le cas de la g{\'e}ographie},
  author={Varenne, Franck},
  year={2018},
  publisher={{\'E}ditions Mat{\'e}riologiques}
}

@incollection{winther2016structure,
  title={The structure of scientific theories},
  author={Winther, Rasmus Gr{\o}nfeldt},
  booktitle={The Stanford Encyclopedia of Philosophy Edward N. Zalta (ed.)},
  year={2016}
}

@incollection{wu2020emerging,
  title={Emerging cities and urban theories: a Chinese perspective},
  author={Wu, Fulong},
  booktitle={Theories and models of urbanization},
  pages={171--182},
  year={2020},
  publisher={Springer}
}

@article{pumain2005cumulativite,
  title={Cumulativit{\'e} des connaissances},
  author={Pumain, Denise},
  journal={Revue europ{\'e}enne des sciences sociales. European Journal of Social Sciences},
  number={XLIII-131},
  pages={5--12},
  year={2005},
  publisher={Librairie Droz}
}




