


@article{gabaix1999zipf,
  title={Zipf's law for cities: an explanation},
  author={Gabaix, Xavier},
  journal={The Quarterly journal of economics},
  volume={114},
  number={3},
  pages={739--767},
  year={1999},
  publisher={MIT Press}
}


@article{mitzenmacher2004brief,
  title={A brief history of generative models for power law and lognormal distributions},
  author={Mitzenmacher, Michael},
  journal={Internet mathematics},
  volume={1},
  number={2},
  pages={226--251},
  year={2004},
  publisher={Taylor \& Francis}
}


@incollection{gabaix2004evolution,
  title={The evolution of city size distributions},
  author={Gabaix, Xavier and Ioannides, Yannis M},
  booktitle={Handbook of regional and urban economics},
  volume={4},
  pages={2341--2378},
  year={2004},
  publisher={Elsevier}
}


@article{batty2008size,
  title={The size, scale, and shape of cities},
  author={Batty, Michael},
  journal={science},
  volume={319},
  number={5864},
  pages={769--771},
  year={2008},
  publisher={American Association for the Advancement of Science}
}



