


@article{jantz2005analysis,
  title={Analysis of scale dependencies in an urban land-use-change model},
  author={Jantz, Claire A and Goetz, Scott J},
  journal={International Journal of Geographical Information Science},
  volume={19},
  number={2},
  pages={217--241},
  year={2005},
  publisher={Taylor \& Francis},
  file={Biblio/DomainSpecific/UrbanGrowth/Analysis%20of%20scale%20dependencies%20in%20an%20urban%20land%20use%20change%20model.pdf}
}

@article{atkinson2000spatial,
  title={Spatial scale problems and geostatistical solutions: a review},
  author={Atkinson, Peter M and Tate, Nicholas J},
  journal={The Professional Geographer},
  volume={52},
  number={4},
  pages={607--623},
  year={2000},
  publisher={Taylor \& Francis}
}


@article{iacono2008models,
  title={Models of transportation and land use change: A guide to the territory},
  author={Iacono, Michael and Levinson, David and El-Geneidy, Ahmed},
  journal={Journal of Planning Literature},
  volume={22},
  number={4},
  pages={323--340},
  year={2008},
  publisher={Sage Publications Sage CA: Los Angeles, CA}
}


@article{liao2017ouverture,
  title={L’ouverture au march{\'e} en Chine (ann{\'e}es 1980-2000) et le d{\'e}veloppement {\'e}conomique local: une forme de gouvernance multi-niveaux?},
  author={Liao, Liao and Gaudin, Jean-Pierre},
  journal={Cybergeo: European Journal of Geography},
  year={2017},
  publisher={CNRS-UMR G{\'e}ographie-cit{\'e}s 8504}
}

@article{bedau2002downward,
  title={Downward causation and the autonomy of weak emergence},
  author={Bedau, Mark},
  journal={Principia: an international journal of epistemology},
  volume={6},
  number={1},
  pages={5--50},
  year={2002}
}



@article{raimbault2020scala,
  title={A scala library for spatial sensitivity analysis},
  author={Raimbault, Juste and Perret, Julien and Reuillon, Romain},
  journal={arXiv preprint arXiv:2007.10667},
  year={2020}
}

@incollection{raimbault2020unveiling,
  title={Unveiling co-evolutionary patterns in systems of cities: a systematic exploration of the simpopnet model},
  author={Raimbault, Juste},
  booktitle={Theories and Models of Urbanization},
  pages={261--278},
  year={2020},
  publisher={Springer}
}

@article{joy2015toronto,
  title={Toronto’s governance crisis: A global city under pressure},
  author={Joy, Meghan and Vogel, Ronald K},
  journal={Cities},
  volume={49},
  pages={35--52},
  year={2015},
  publisher={Elsevier}
}

@article{raimbault2020comparison,
  title={A comparison of simple models for urban morphogenesis},
  author={Raimbault, Juste},
  journal={arXiv preprint arXiv:2008.13277},
  year={2020}
}

@article{james2018zipf,
  title={Zipf's and Taylor's laws},
  author={James, Charlotte and Azaele, Sandro and Maritan, Amos and Simini, Filippo},
  journal={Physical Review E},
  volume={98},
  number={3},
  pages={032408},
  year={2018},
  publisher={APS}
}

@article{raimbault2020indirect,
  title={Indirect evidence of network effects in a system of cities},
  author={Raimbault, Juste},
  journal={Environment and Planning B: Urban Analytics and City Science},
  volume={47},
  number={1},
  pages={138--155},
  year={2020},
  publisher={SAGE Publications Sage UK: London, England}
}


@article{chavalarias2009french,
  title={French roadmap for complex systems 2008-2009},
  author={Chavalarias, David and Bourgine, Paul and Perrier, Edith and Amblard, Fr{\'e}deric and Arlabosse, Fran{\c{c}}ois and Auger, Pierre and Baillon, Jean-Bernard and Barreteau, Olivier and Baudot, Pierre and Bouchaud, Elisabeth and others},
  year={2009}
}


@incollection{boulet2020coupling,
  title={Coupling Multi-agent and Macroscopic Simulators of Traffic},
  author={Boulet, Xavier and Zargayouna, Mahdi and Scemama, G{\'e}rard and Leurent, Fabien},
  booktitle={Agents and Multi-agent Systems: Technologies and Applications 2019},
  pages={323--332},
  year={2020},
  publisher={Springer}
}


@article{belem2013organizational,
  title={An organizational model for multi-scale and multi-formalism simulation: Application in carbon dynamics simulation in West-African Savanna},
  author={Belem, Mahamadou and M{\"u}ller, Jean Pierre},
  journal={Simulation Modelling Practice and Theory},
  volume={32},
  pages={83--98},
  year={2013},
  publisher={Elsevier}
}

@misc{torrens2001cellular,
  title={Cellular automata and urban simulation: where do we go from here?},
  author={Torrens, Paul M and O'Sullivan, David},
  year={2001},
  publisher={SAGE Publications Sage UK: London, England}
}

@inproceedings{crociani2016multi,
  title={Multi-scale simulation for crowd management: a case study in an urban scenario},
  author={Crociani, Luca and L{\"a}mmel, Gregor and Vizzari, Giuseppe},
  booktitle={International Conference on Autonomous Agents and Multiagent Systems},
  pages={147--162},
  year={2016},
  organization={Springer}
}

@article{xu2020urban,
  title={Urban expansion in Auckland, New Zealand: a GIS simulation via an intelligent self-adapting multiscale agent-based model},
  author={Xu, Tingting and Gao, Jay and Coco, Giovanni and Wang, Shuliang},
  journal={International Journal of Geographical Information Science},
  volume={34},
  number={11},
  pages={2136--2159},
  year={2020},
  publisher={Taylor \& Francis}
}

@article{cheng2003modelling,
  title={Modelling urban growth patterns: a multiscale perspective},
  author={Cheng, Jianquan and Masser, Ian},
  journal={Environment and Planning A},
  volume={35},
  number={4},
  pages={679--704},
  year={2003},
  publisher={SAGE Publications Sage UK: London, England}
}

@incollection{white2006modeling,
  title={Modeling multi-scale processes in a cellular automata framework},
  author={White, Roger},
  booktitle={Complex artificial environments},
  pages={165--177},
  year={2006},
  publisher={Springer}
}

@article{batty2005agents,
  title={Agents, cells, and cities: new representational models for simulating multiscale urban dynamics},
  author={Batty, Michael},
  journal={Environment and Planning A},
  volume={37},
  number={8},
  pages={1373--1394},
  year={2005},
  publisher={SAGE Publications Sage UK: London, England}
}

@article{yu2018modeling,
  title={Modeling urban collaborative growth dynamics using a multiscale simulation model for the Wuhan urban agglomeration area, China},
  author={Yu, Yan and He, Jianhua and Tang, Wenwu and Li, Chun},
  journal={ISPRS International Journal of Geo-Information},
  volume={7},
  number={5},
  pages={176},
  year={2018},
  publisher={Multidisciplinary Digital Publishing Institute}
}

@article{xu2019directional,
  title={Directional multi-scale analysis and simulation of urban expansion in Auckland, New Zealand using logistic cellular automata},
  author={Xu, Tingting and Gao, Jay},
  journal={Computers, Environment and Urban Systems},
  volume={78},
  pages={101390},
  year={2019},
  publisher={Elsevier}
}

@article{ford2019multi,
  title={A multi-scale urban integrated assessment framework for climate change studies: A flooding application},
  author={Ford, Alistair and Barr, Stuart and Dawson, Richard and Virgo, James and Batty, Michael and Hall, Jim},
  journal={Computers, Environment and Urban Systems},
  volume={75},
  pages={229--243},
  year={2019},
  publisher={Elsevier}
}

@article{zhu2020dynamic,
  title={A Dynamic Urban Lake Area Evolution Model Based on Multilevel Grid, Cellular Automata, and Multiagent System},
  author={Zhu, Jianfeng and Tian, Shenzhen},
  journal={Complexity},
  volume={2020},
  year={2020},
  publisher={Hindawi}
}s


@article{shu2020modelling,
  title={Modelling multi-regional urban growth with multilevel logistic cellular automata},
  author={Shu, Bangrong and Zhu, Shouhong and Qu, Yi and Zhang, Honghui and Li, Xin and Carsjens, Gerrit J},
  journal={Computers, Environment and Urban Systems},
  volume={80},
  pages={101457},
  year={2020},
  publisher={Elsevier}
}


@article{raimbault2020hierarchy,
  title={Hierarchy and co-evolution processes in urban systems},
  author={Raimbault, Juste},
  journal={arXiv preprint arXiv:2001.11989},
  year={2020}
}


@inproceedings{raimbault:halshs-02284933,
  TITLE = {{Towards integrated urban models for sustainable policies}},
  AUTHOR = {Raimbault, Juste},
  URL = {https://halshs.archives-ouvertes.fr/halshs-02284933},
  BOOKTITLE = {{Urban analytics at the interface between environment, human health and behaviour}},
  ADDRESS = {Shanghai, China},
  ORGANIZATION = {{Tongji University and The Alan Turing Institute}},
  YEAR = {2019},
  MONTH = Jul,
  KEYWORDS = {Paris team ; COM ; Sustainability ; Urban Modeling ; Model Integration},
  HAL_ID = {halshs-02284933},
  HAL_VERSION = {v1},
}


@inproceedings{raimbault:halshs-02013006,
  TITLE = {{Towards multi-scalar models for the co-evolution of transportation networks and territories}},
  AUTHOR = {Raimbault, Juste},
  URL = {https://halshs.archives-ouvertes.fr/halshs-02013006},
  BOOKTITLE = {{Theo Quant 2019}},
  ADDRESS = {Besan{\c c}on, France},
  ORGANIZATION = {{Universit{\'e} de Franche-Comt{\'e}}},
  YEAR = {2019},
  MONTH = Feb,
  KEYWORDS = {Multi-scale ; Modeling ; Co-evolution ; Transportation networks ; Territories ; PARIS team ; COM},
  HAL_ID = {halshs-02013006},
  HAL_VERSION = {v1},
}


@article{banos2015importance,
  title={The importance of being hybrid for spatial epidemic models: a multi-scale approach},
  author={Banos, Arnaud and Corson, Nathalie and Gaudou, Benoit and Laperri{\`e}re, Vincent and Coyrehourcq, S{\'e}bastien Rey},
  journal={Systems},
  volume={3},
  number={4},
  pages={309--329},
  year={2015},
  publisher={Multidisciplinary Digital Publishing Institute}
}

@incollection{raimbault:halshs-02265423,
  TITLE = {{Evolving accessibility landscapes: mutations of transportation networks in China}},
  AUTHOR = {Raimbault, Juste},
  URL = {https://halshs.archives-ouvertes.fr/halshs-02265423},
  NOTE = {ebook},
  BOOKTITLE = {{PATHWAYS OF SUSTAINABLE URBAN DEVELOPMENT ACROSS CHINA: THE CASES OF HANGZHOU, DATONG AND ZHUHAI}},
  EDITOR = {N. Aveline-Dubach},
  PUBLISHER = {{Imago Editor}},
  PAGES = {89-108},
  YEAR = {2019},
  KEYWORDS = {PARIS team ; COUV ; Transportation networks ; Pearl River Delta ; urban transit ; accessibility ; HSR},
  PDF = {https://halshs.archives-ouvertes.fr/halshs-02265423/file/MediumEBook_Raimbault.pdf},
  HAL_ID = {halshs-02265423},
  HAL_VERSION = {v1},
}


@book{batty2018inventing,
  title={Inventing future cities},
  author={Batty, Michael},
  year={2018},
  publisher={MIT press}
}


@article{murcio2015urban,
  title={Urban transfer entropy across scales},
  author={Murcio, Roberto and Morphet, Robin and Gershenson, Carlos and Batty, Michael},
  journal={PLoS One},
  volume={10},
  number={7},
  pages={e0133780},
  year={2015},
  publisher={Public Library of Science San Francisco, CA USA}
}



@article{hjorth2020levelspace,
  title={LevelSpace: A NetLogo Extension for Multi-Level Agent-Based Modeling},
  author={Hjorth, Arthur and Head, Bryan and Brady, Corey and Wilensky, Uri and others},
  journal={Journal of Artificial Societies and Social Simulation},
  volume={23},
  number={1},
  pages={1--4},
  year={2020},
  publisher={Journal of Artificial Societies and Social Simulation}
}


@article{shu2020modelling,
  title={Modelling multi-regional urban growth with multilevel logistic cellular automata},
  author={Shu, Bangrong and Zhu, Shouhong and Qu, Yi and Zhang, Honghui and Li, Xin and Carsjens, Gerrit J},
  journal={Computers, Environment and Urban Systems},
  volume={80},
  pages={101457},
  year={2020},
  publisher={Elsevier},
  file={Biblio/DomainSpecific/UrbanGrowth/1-s2.0-S019897151930417X-main.pdf}
}





@article{wegener2018multi,
  title={Multi-level urban models: Integration across space, time and policies},
  author={Wegener, Michael and Spiekermann, Klaus},
  year={2018},
  publisher={Journal of Transport and Land Use}
}

@phdthesis{louail2010comparer,
  title={Comparer les morphog{\'e}n{\`e}ses urbaines en Europe et aux {\'E}tats-Unis par la simulation {\`a} base d'agents--Approches multi-niveaux et environnements de simulation spatiale},
  author={Louail, Thomas},
  year={2010},
  school={Universit{\'e} d'Evry-Val d'Essonne}
}


@misc{model,
title={Multi-scala urban growth model scala implementation},
author={Raimbault, Juste},
howpublished={git repository available at https://github.com/JusteRaimbault/UrbanGrowth}


@article{raimbault2018urban,
  title={An Urban Morphogenesis Model Capturing Interactions between Networks and Territories},
  author={Raimbault, Juste},
  journal={forthcoming in Mathematics of Urban Morphogenesis, D'Acci L., ed., Springer Birkhauser Mathematics. arXiv:1805.05195},
  year={2018}
}



@Inbook{Rozenblat2018,
author="Rozenblat, Celine
and Pumain, Denise",
editor="Rozenblat, Celine
and Pumain, Denise
and Velasquez, Elkin",
title="Toward a Methodology for Multi-scalar Urban System Policies",
bookTitle="International and Transnational Perspectives on Urban Systems",
year="2018",
publisher="Springer Singapore",
address="Singapore",
pages="385--393",
abstract="The chapter proposes an overview of global urbanization since 1950, relying on the structural and dynamic principles of the evolutionary theory of urban systems and on the observations of some of the major financial linkages connecting cities. We analyze first an overview of the state of urbanization at the world scale using statistics collected and provided for all 195 nation-states of the United Nations. We then examine the extent to which the income level and human development index of countries are correlated with the urbanization rates. Trajectories of cities underline the booming cities including many Asiatic and African cities opposed to the relative declining cities. The total weight of emerging metropolises mostly located in Southern countries passed the total population of the other groups of relatively declining cities between 1980 and 2010. It is highly critical for the urban future that the large majority of urban citizens of the world (more than 60{\%}) will be living in these emerging cities in 2030. It will require finding adapted ways to manage urban growth and ecological transition in these developing systems. This global approach finally leads to the partition of the world we used in the book to analyze more precisely the evolution of individual national or continental urban systems.",
isbn="978-981-10-7799-9",
doi="10.1007/978-981-10-7799-9_3",
url="https://doi.org/10.1007/978-981-10-7799-9_3"
}



@article{reuillon2013openmole,
	Author = {Reuillon, Romain and Leclaire, Mathieu and Rey-Coyrehourcq, Sebastien},
	Journal = {Future Generation Computer Systems},
	Number = {8},
	Pages = {1981--1990},
	Title = {OpenMOLE, a workflow engine specifically tailored for the distributed exploration of simulation models},
	Volume = {29},
	Year = {2013}}




@article{raimbault2018calibration,
  title={Calibration of a density-based model of urban morphogenesis},
  author={Raimbault, Juste},
  journal={PloS one},
  volume={13},
  number={9},
  pages={e0203516},
  year={2018},
  publisher={Public Library of Science}
}


@article{pumain2015multilevel,
  title={Multilevel comparison of large urban systems},
  author={Pumain, Denise and Swerts, Elfie and Cottineau, Cl{\'e}mentine and Vacchiani-Marcuzzo, C{\'e}line and Ignazzi, Cosmo Antonio and Bretagnolle, Anne and Delisle, Fran{\c{c}}ois and Cura, Robin and Lizzi, Liliane and Baffi, Sol{\`e}ne},
  journal={Cybergeo: European Journal of Geography},
  year={2015},
  publisher={CNRS-UMR G{\'e}ographie-cit{\'e}s 8504}
}



@book{pumain2017urban,
	Author = {Pumain, Denise and Reuillon, Romain},
	Publisher = {Springer International},
	Title = {Urban Dynamics and Simulation Models},
	Year = {2017}}



@article{pumain1997pour,
	Author = {Pumain, Denise},
	Journal = {Espace g{\'e}ographique},
	Number = {2},
	Pages = {119--134},
	Title = {Pour une th{\'e}orie {\'e}volutive des villes},
	Volume = {26},
	Year = {1997}}



@article{favaro2011gibrat,
	Author = {Favaro, Jean-Marc and Pumain, Denise},
	Journal = {Geographical Analysis},
	Number = {3},
	Pages = {261--286},
	Title = {Gibrat Revisited: An Urban Growth Model Incorporating Spatial Interaction and Innovation Cycles.},
	Volume = {43},
	Year = {2011}}


@article{gabaix1999zipf,
	Author = {Gabaix, Xavier},
	Journal = {Quarterly journal of Economics},
	Pages = {739--767},
	Title = {Zipf's law for cities: an explanation},
	Year = {1999}}



@article{clarke2007decade,
	Author = {Clarke, Keith C and Gazulis, Nicholas and Dietzel, C and Goldstein, Noah C},
	Journal = {Classics in IJGIS: twenty years of the international journal of geographical information science and systems},
	Pages = {413--427},
	Title = {A decade of SLEUTHing: Lessons learned from applications of a cellular automaton land use change model},
	Year = {2007}}



@article{wegener2004land,
	Author = {Wegener, Michael and F{\"u}rst, Franz},
	Journal = {Available at SSRN 1434678},
	Title = {Land-use transport interaction: state of the art},
	Year = {2004}}


