

@article{reuillon2013openmole,
  title={OpenMOLE, a workflow engine specifically tailored for the distributed exploration of simulation models},
  author={Reuillon, Romain and Leclaire, Mathieu and Rey-Coyrehourcq, Sebastien},
  journal={Future Generation Computer Systems},
  volume={29},
  number={8},
  pages={1981--1990},
  year={2013},
  publisher={Elsevier}
}


@article{raimbault2018calibration,
  title={Calibration of a density-based model of urban morphogenesis},
  author={Raimbault, Juste},
  journal={PloS one},
  volume={13},
  number={9},
  pages={e0203516},
  year={2018},
  publisher={Public Library of Science}
}


@techreport{Florczyk2019ghs,
author={Florczyk, A.J. and Corbane, C. and Schiavina, M. and Pesaresi, M. and Maffenini, L. and Melchiorri, M. and Politis, P. and Sabo, F. and Freire, S. and Ehrlich, D. and Kemper, T. and Tommasi, P. and Airaghi, D. and L. Zanchetta},
year={2019},
title={GHS Urban Centre Database 2015, multitemporal and multidimensional attributes, R2019A},
institution={European Commission, Joint Research Centre (JRC)}
}
